%% This BibTeX bibliography file was created using BibDesk.
%% http://bibdesk.sourceforge.net/


%% Created for yutong pang at 2014-08-01 13:23:24 -0400 


%% Saved with string encoding Unicode (UTF-8) 



@article{pettersson1999modeling,
	Author = {Pettersson, Leif AA and Roman, Lucimara S and Inganas, Olle},
	Journal = {Journal of Applied Physics},
	Number = {1},
	Pages = {487--496},
	Publisher = {AIP},
	Title = {Modeling photocurrent action spectra of photovoltaic devices based on organic thin films},
	Volume = {86},
	Year = {1999}}
